@online{geniolandia,
    author = "John Papiewski",
    title = "¿Qué es la jerarquía de almacenamiento?",
    url = "https://www.geniolandia.com/13132443/que-es-la-jerarquia-de-almacenamiento",
    addendum = "(accessed: 01.09.2016)",
    keywords = "RAM,memoria"
}

@online{tutorialspoint,
    title = {Ordenador - Memoria},
    author = {tutorialspoint},
    url = "https://www.tutorialspoint.com/es/computer_fundamentals/computer_memory.htm"
    keywords = {informatica,memoria}
}

@online{qloudea,
    author = "David Aragón.",
    title = "¿Qué es un disco duro?",
    url  = "https://qloudea.com/blog/que-es-un-disco-duro/",
    addendum = "(accessed: 01.09.2016)",
    keywords = "harddisk,disco duro,memoria"
}
@online{Augusto,
    author = "Augusto Salazar.",
    title = "¿Funcionamiento de la memoria de un computador?",
    url  = "https://classroom.google.com/c/MTQ0MDA0NjgzNzk4/a/MTQ0MTQxNTk0MTkw/details",
    addendum = "(accessed: 01.09.2016)",
}